<record><leader>00000cas a22000007a 4500</leader><controlfield tag="001">12778412</controlfield><controlfield tag="008">851109d18451848hiusr ne      0    0haw d</controlfield><datafield ind1=" " ind2=" " tag="010"><subfield code="a">sn 85047265 </subfield></datafield><datafield ind1=" " ind2=" " tag="040"><subfield code="a">HWN</subfield><subfield code="b">eng</subfield><subfield code="c">HWN</subfield><subfield code="d">OCL</subfield><subfield code="d">OCLCG</subfield><subfield code="d">CUS</subfield><subfield code="d">OCLCQ</subfield><subfield code="d">OCLCF</subfield></datafield><datafield ind1="1" ind2=" " tag="029"><subfield code="a">AU@</subfield><subfield code="b">000040035374</subfield></datafield><datafield ind1=" " ind2=" " tag="042"><subfield code="a">msc</subfield></datafield><datafield ind1=" " ind2=" " tag="043"><subfield code="a">n-us-hi</subfield></datafield><datafield ind1=" " ind2="4" tag="050"><subfield code="a">AN</subfield></datafield><datafield ind1="0" ind2=" " tag="130"><subfield code="a">Elele (Honolulu, Hawaii : 1845)</subfield></datafield><datafield ind1="1" ind2="3" tag="245"><subfield code="a">Ka elele.</subfield></datafield><datafield ind1="1" ind2="3" tag="246"><subfield code="a">Hawaiian messenger</subfield></datafield><datafield ind1=" " ind2=" " tag="260"><subfield code="a">Honolulu, Oahu [Hawaii :</subfield><subfield code="b">s.n.],</subfield><subfield code="c">1845-1848.</subfield></datafield><datafield ind1=" " ind2=" " tag="300"><subfield code="a">3 v. :</subfield><subfield code="b">ill. ;</subfield><subfield code="c">25 cm.</subfield></datafield><datafield ind1=" " ind2=" " tag="310"><subfield code="a">Semimonthly</subfield></datafield><datafield ind1="0" ind2=" " tag="362"><subfield code="a">Buke 1, pepa 1 (Aperila 1, 1845)-buke 3, pepa 24 (Maraki 18, 1848).</subfield></datafield><datafield ind1=" " ind2=" " tag="500"><subfield code="a">Editor: R. Armstrong.</subfield></datafield><datafield ind1=" " ind2=" " tag="525"><subfield code="a">Has separately numbered supplements containing government notices called: Ka elele e.</subfield></datafield><datafield ind1=" " ind2=" " tag="546"><subfield code="a">In Hawaiian.</subfield></datafield><datafield ind1=" " ind2="0" tag="651"><subfield code="a">Hawaii</subfield><subfield code="v">Newspapers.</subfield></datafield><datafield ind1=" " ind2="7" tag="655"><subfield code="a">Newspapers.</subfield><subfield code="2">fast</subfield><subfield code="0">(OCoLC)fst01423814</subfield></datafield><datafield ind1=" " ind2="7" tag="651"><subfield code="a">Hawaii.</subfield><subfield code="2">fast</subfield><subfield code="0">(OCoLC)fst01208724</subfield></datafield><datafield ind1="1" ind2=" " tag="700"><subfield code="a">Armstrong, Richard,</subfield><subfield code="d">1805-1860.</subfield></datafield><datafield ind1=" " ind2=" " tag="752"><subfield code="a">United States</subfield><subfield code="b">Hawaii</subfield><subfield code="c">Honolulu</subfield><subfield code="d">Honolulu.</subfield></datafield><datafield ind1="0" ind2="8" tag="776"><subfield code="i">Online version:</subfield><subfield code="t">Elele (Honolulu, Hawaii : 1845)</subfield><subfield code="w">(OCoLC)663691828</subfield></datafield><datafield ind1="0" ind2="0" tag="780"><subfield code="t">Nonanona</subfield><subfield code="w">(DLC)sn 84023737</subfield><subfield code="w">(OCoLC)10927842</subfield></datafield><datafield ind1="0" ind2="0" tag="785"><subfield code="t">Elele Hawaii</subfield><subfield code="w">(DLC)sn 84023736</subfield><subfield code="w">(OCoLC)10972463</subfield></datafield></record>